@inproceedings{mapreduce,
    author = {Jeffrey Dean and Sanjay Ghemawat},
    title = {{MapReduce: Simplified Data Processing on Large Clusters}},
    year = {2004},
    booktitle = {{OSDI}}
}
