@inproceedings{mapreduce,
    author = {Jeffrey Dean and Sanjay Ghemawat},
    title = {{MapReduce: Simplified Data Processing on Large Clusters}},
    year = {2004},
    booktitle = {{OSDI}}
}

@online{twitter,
  author = {{Twitter Inc.}},
  title = {{About Twitter, Inc.}},
  year = 2014,
  url = {http://www.twitter.com/},
  urldate = {2014-11-05}
}

@online{bookfact,
  author = {Liza Daly},
  title = {How big is the average ePub book?},
  date = {2009-11-16},
  url = {https://blog.safaribooksonline.com/2009/11/16/how-big-is-the-average-epub-book/},
  urldate = {2014-11-05}
}

@online{twitterAPI,
  author = {{Twitter, Inc.}},
  title = {Twitter Developers},
  year = 2014,
  url = {https://dev.twitter.com/},
  urldate = {2014-11-05}
}

@online{tweetping1,
  author = {Franck Ernewein},
  title = {Tweet Ping},
  year = 2013,
  url = {http://tweetping.net/},
  urldate = {2014-11-05}
}

@online{tweetping2,
  author = {Dante D'Orazio},
  title = {Map tweets in real time across the world with Tweet ping},
  date = {2013-02-01},
  url = {http://www.theverge.com/2013/2/1/3942050/tweet-ping-maps-tweets-in-real-time},
  urldate = {2014-11-05}
}

@online{worldoftweets,
  author = {Frog Design},
  title = {A World of Tweets},
  year = 2010,
  url = {http://aworldoftweets.frogdesign.com/},
  urldate = {2014-11-05}
}

@online{tweetbeam,
  author = {Tweet Beam},
  title = {Tweet Beam},
  year = 2011,
  url = {http://www.tweetbeam.com/},
  urldate = {2014-11-05}
}